\begin{filecontents}{references.bib}

@article{veal2012,
	author = {Colin D Veal and Peter J Freeman and  Kevin Jacobs and Owen Lancaster and Stéphane Jamain and Marion Leboyer and Demetrius Albanes and Reshma R Vaghela and Ivo Gut and Stephen J Chanock and Anthony J Brookes},
	title = {A mechanistic basis for amplification differences between samples and between genome regions},
	journal = {BMC Genomics},
	year = {2012}
}

@article{lombardi2020,
	author = {Emilia Puig Lombardi and Arturo Londono-Vallejo},
	title = {A guide to computational methods for G-quadruplexprediction},
	journal = {Nucleic Acids Research},
	year = {2020}
}

@article{rabiner2009,
	author = {Rabiner L. R.},
	title = {A tutorial on Hidden Markov Models and selected applications in speech recognition},
	journal = {Some Jurnal},
	year = {2009}
}

@book{koski,
	author = {Koski T.},
	title = {Hidden Markov Models for Bioinformatics},
	publisher = {Kluwer Academic Publishers},
	year = {2001}
}

@article{coella2007,
	author = {Stefano Colella and Christopher Yau and Jennifer M. Taylor and Ghazala Mirza and
	Helen Butler and Penny Clouston and Anne S. Bassett and Anneke Seller and Christopher C. Holmes and Jiannis Ragoussis},
	title = {QuantiSNP: an Objective Bayes Hidden-Markov
	Model to detect and accurately map copy number
	variation using SNP genotyping data},
	journal = {Nuclic Acids Research},
	year = {2007}
}

@article{Wang2007,
	author = {Kai Wang and Mingyao Li and Dexter Hadley and Rui Liu and Joseph Glessner and
	Struan F.A. Grant and Hakon Hakonarson and Maja Bucan },
	title = {PennCNV: An integrated hidden Markov model
	designed for high-resolution copy number variation
	detection in whole-genome SNP genotyping data},
	journal = {Genome Research},
	year = {2007}
}

@article{cahan2008,
	author = {Patric Cahan and Laura E. Godfrey and Peggy S. Eis and Todd A. Richmond and Rebecca R. Selzer and
	 Michael Brent and Howard L. McLeod and Timothy J. Ley and  Timothy A. Graubert },
	title = {wuHMM: a robust algorithm to detect DNA copy number variation using long oligonucleotide microarray data},
	journal = {Nuclic Acids Research},
	year = {2008}
}

@article{fridlyand2004,
	author = {Jane Fridlyand and Antoine M. Snijders and Dan Pinkel and Donna G. Albertson and Ajay N. Jain},
	title = {Hidden Markov models approach to the analysis of array CGH data},
	journal = {Journal of Multivariate Analysis},
	year = {2004}
}

@article{Sschliep2003,
	author = {Alexander Schliep and Alexander Schönhuth and Christine Steinhoff},
	title = {Using hidden Markov models to analyze gene expression time course data},
	journal = {BIOINFORMATICS},
	year = {2003}
}

@article{liu2017,
	author = {Tingting Liu  and Jan Lemeire},
	title = {Efficient and Effective Learning of HMMs Based on Identification of Hidden States},
	journal = {Mathematical Problems in Engineering},
	year = {2017}
}

@article{cai2012,
author = {Cai T. T. and Jeng J. X. and Li H.},
title = {Robust Detection and Identification of Sparse Segments in Ultra-High Dimensional Data Analysis},
publisher = {J. R. Stat. Soc. Series B Stat Methodol},
year = {2012}
}

@article{yoon2009,
	author = {Seungtai Yoon and Zhenyu Xuan and Vladimir Makarov and  Kenny Ye  and Jonathan Sebat},
	title = {Sensitive and accurate detection of copy number variants using read depth of coverage},
	publisher = {Some Jurnal},
	year = {2009}
}


@book{rocha2012,
author = {Miguel Rocha and Pedro G. Ferreira},
title = {Bioinformatics algorithms. Design and Implementation in Python},
publisher = {Academic Press},
year = {2012}
}

@book{flach2012,
	author = {P. Flach},
	title = {Machine Learning The art and science of algorithms that make sense of datat},
	publisher = {Cambridge University Press},
	year = {2012}
}

\end{filecontents}
